@article{Okunribido2008,
author={Okunribido, O.O. and Magnusson, M. and Pope, M.H.},
title={The role of whole body vibration, posture and manual materials handling as risk factors for low back pain in occupational drivers},
journal={Ergonomics},
year={2008},
volume={51},
number={3},
pages={308-329},
note={cited By (since 1996) 23},
url={http://www.scopus.com/inward/record.url?eid=2-s2.0-47349106869\&partnerID=40\&md5=d083570e80d7a68d1ca354f6e24028e3},
document_type={Article},
source={Scopus},
}

@TechReport{ismail2003,
  author = 	 {Farzana Ismail},
  title = 	 {Bus Driver's Cab: A Compilation of Several Resources},
  institution =  {Optimal Performance Consultants},
  year = 	 {2003},
  OPTkey = 	 {},
  OPTtype = 	 {},
  OPTnumber = 	 {},
  OPTaddress = 	 {},
  OPTmonth = 	 {December},
  OPTnote = 	 {},
  OPTannote = 	 {}
}

@Misc{motorregs,
  organization = "Ministry of Transport",
  title = "Motor Vehicle Safety Regulations",
  url = "http://www.tc.gc.ca/eng/acts-regulations/regulations-crc-c1038.htm",
  year = "2012"
}