@misc{ObusFormebackrest,
	organization = "HoMedics Group Canada Co. LLC.",
	title = "Highback Backrest Support",
	year = "2013",
	url = "http://www.obusforme.com/sit/highback-backrest-support.html"
}

@misc{ObusFormecushion,
	organization = "HoMedics Group Canada Co. LLC.",
	title = "The Sit-Back Cushion",
	year = "2013",
	url = "http://www.obusforme.com/sit/the-sit-back-cushion.html"
}

@misc{ObusFormedriverchair,
	organization = "HoMedics Group Canada Co. LLC.",
	title = "Personalized Comfort Drivers Seat",
	year = "2013",
	url = "http://www.obusforme.com/sit/the-obusforme-personalized-comfort-drivers-seat.html"
}

@misc{Bosetruckseat,
	organization = "Bose Corporation",
	title = "Bose Ride system for heavy-duty trucking",
	year = "2013",
	url = "http://www.bose.com/controller?url=/bose\_ride\_system/how\_it\_works.jsp"
}


@manual{MLS2013,
	organization = "Municipal Licensing and Standards Services, City of Toronto",
	title = "How to become a Taxicab Driver",
	year = "2013",
	url = "http://www.toronto.ca/taxitraining/pdf/cabdriver.pdf"
}
	
@manual{MLSChp545,
	organization = "Municipal Licensing and Standards Services, City of Toronto",
	title = "Abridged Version of the Toronto Municipal Code, Chapter 545",
	year = "2013",
	url = "http://www.toronto.ca/taxitraining/pdf/chapter545.pdf"
}

@misc{iTaxi2012,
	organization = "itaxiworkers.ca",
	title = "One Voice",
	year = "2012",
	url = "http://www.itaxiworkers.ca/index.htm"
}

@article{thestar2012,
	author = "Paul Moloney",
        journal = "The Toronto Star",
	title = "Toronto taxis up for review: a look at the issues",
	year = "2012"
}

@article{ergoCentricchair2011,
	author = "ergoCentric Seating Systems",
	title = "Choosing an Ergonomic Chair",
	year = "2011",
	url = "http://www.ergocentric.com/doc.asp?id=18\#"
}

@article{ergoCentricAnatomy2011,
	author = "ergoCentric Seating Systems",
	title = "The Anatomy and Biochemistry of the Human Body in Seated Posture",
	year = "2011",
	url = "http://www.ergocentric.com/doc.asp?id=18\#"
}

@article{Natpost2005,
	author = "Danny Bradbury",
	title = "The seat of power",
	year = "2005",
        journal = "The National Post",
	url = "http://www.ergocentric.com/doc.asp?id=18\#"
}

@misc{Gowder2013,
	Interviewee = "Rafiq Gowder",
	Position = "General Manager",
	Company = "Crown Taxi",
	Date = "11/2/13",
	Time = "12:37-12:45pm",
	Trancsript = "
		?Ownership: Majority of vehicles owned by garages and leased out per day.
		?Driver pays for the dispatcher channel frequency (in addition to vehicle if leasing).
		?Driver is responsibility for the maintenance of the vehicle, includes cleanliness and damages. Offenders have their frequency cut-off.
		?Driver pays for gas and keeps all profits from shift.
		?Issues: vomiting (2-3 times per month), running without paying (1-2 times per month)
		?Problems happen almost exclusively at night."
}


